@inproceedings{zhou2023unimol,
    title={Uni-Mol: A Universal 3D Molecular Representation Learning Framework},
    author={Gengmo Zhou and Zhifeng Gao and Qiankun Ding and Hang Zheng and Hongteng Xu and Zhewei Wei and Linfeng Zhang and Guolin Ke},
    booktitle={The Eleventh International Conference on Learning Representations },
    year={2023},
    url={https://openreview.net/forum?id=6K2RM6wVqKu}
}

@article{shuaibi2021rotation,
    title={Rotation Invariant Graph Neural Networks using Spin Convolutions}, 
    author={Muhammed Shuaibi and Adeesh Kolluru and Abhishek Das and Aditya Grover and Anuroop Sriram and Zachary Ulissi and C. Lawrence Zitnick},
    year={2021},
    eprint={2106.09575},
    archivePrefix={arXiv},
    primaryClass={cs.LG}
}

@inproceedings{NEURIPS2021_82489c97,
    author = {Gasteiger, Johannes and Yeshwanth, Chandan and G\"{u}nnemann, Stephan},
    booktitle = {Advances in Neural Information Processing Systems},
    editor = {M. Ranzato and A. Beygelzimer and Y. Dauphin and P.S. Liang and J. Wortman Vaughan},
    pages = {15421--15433},
    publisher = {Curran Associates, Inc.},
    title = {Directional Message Passing on Molecular Graphs via Synthetic Coordinates},
    url = {https://proceedings.neurips.cc/paper_files/paper/2021/file/82489c9737cc245530c7a6ebef3753ec-Paper.pdf},
    volume = {34},
    year = {2021}
}

@INPROCEEDINGS{9710703,
    author={Zhao, Hengshuang and Jiang, Li and Jia, Jiaya and Torr, Philip and Koltun, Vladlen},
    booktitle={2021 IEEE/CVF International Conference on Computer Vision (ICCV)}, 
    title={Point Transformer}, 
    year={2021},
    volume={},
    number={},
    pages={16239-16248},
    keywords={Point cloud compression;Measurement;Image segmentation;Three-dimensional displays;Semantics;Object detection;Transformer cores;Scene analysis and understanding;Recognition and classification},
    doi={10.1109/ICCV48922.2021.01595}
}

@article{Jumper2021,
    author={Jumper, John
    and Evans, Richard
    and Pritzel, Alexander
    and Green, Tim
    and Figurnov, Michael
    and Ronneberger, Olaf
    and Tunyasuvunakool, Kathryn
    and Bates, Russ
    and {\v{Z}}{\'i}dek, Augustin
    and Potapenko, Anna
    and Bridgland, Alex
    and Meyer, Clemens
    and Kohl, Simon A. A.
    and Ballard, Andrew J.
    and Cowie, Andrew
    and Romera-Paredes, Bernardino
    and Nikolov, Stanislav
    and Jain, Rishub
    and Adler, Jonas
    and Back, Trevor
    and Petersen, Stig
    and Reiman, David
    and Clancy, Ellen
    and Zielinski, Michal
    and Steinegger, Martin
    and Pacholska, Michalina
    and Berghammer, Tamas
    and Bodenstein, Sebastian
    and Silver, David
    and Vinyals, Oriol
    and Senior, Andrew W.
    and Kavukcuoglu, Koray
    and Kohli, Pushmeet
    and Hassabis, Demis},
    title={Highly accurate protein structure prediction with AlphaFold},
    journal={Nature},
    year={2021},
    month={Aug},
    day={01},
    volume={596},
    number={7873},
    pages={583-589},
    issn={1476-4687},
    doi={10.1038/s41586-021-03819-2},
    url={https://doi.org/10.1038/s41586-021-03819-2}
}
