@article{auer2024doclingtechnicalreport,
      title={Docling Technical Report}, 
      author={Christoph Auer and Maksym Lysak and Ahmed Nassar and Michele Dolfi and Nikolaos Livathinos and Panos Vagenas and Cesar Berrospi Ramis and Matteo Omenetti and Fabian Lindlbauer and Kasper Dinkla and Lokesh Mishra and Yusik Kim and Shubham Gupta and Rafael Teixeira de Lima and Valery Weber and Lucas Morin and Ingmar Meijer and Viktor Kuropiatnyk and Peter W. J. Staar},
      year={2024},
      eprint={2408.09869},
      archivePrefix={arXiv},
      primaryClass={cs.CL},
      url={https://arxiv.org/abs/2408.09869}, 
}

@article{livathinos2025doclingefficientopensourcetoolkit,
      title={Docling: An Efficient Open-Source Toolkit for AI-driven Document Conversion}, 
      author={Nikolaos Livathinos and Christoph Auer and Maksym Lysak and Ahmed Nassar and Michele Dolfi and Panos Vagenas and Cesar Berrospi Ramis and Matteo Omenetti and Kasper Dinkla and Yusik Kim and Shubham Gupta and Rafael Teixeira de Lima and Valery Weber and Lucas Morin and Ingmar Meijer and Viktor Kuropiatnyk and Peter W. J. Staar},
      year={2025},
      eprint={2501.17887},
      archivePrefix={arXiv},
      primaryClass={cs.CL},
      url={https://arxiv.org/abs/2501.17887}, 
}

@article{nassar2022tableformertablestructureunderstanding,
      title={TableFormer: Table Structure Understanding with Transformers}, 
      author={Ahmed Nassar and Nikolaos Livathinos and Maksym Lysak and Peter Staar},
      year={2022},
      eprint={2203.01017},
      archivePrefix={arXiv},
      primaryClass={cs.CV},
      url={https://arxiv.org/abs/2203.01017}, 
}

@inproceedings{Pfitzmann_2022, series={KDD ’22},
   title={DocLayNet: A Large Human-Annotated Dataset for Document-Layout Segmentation},
   url={http://dx.doi.org/10.1145/3534678.3539043},
   DOI={10.1145/3534678.3539043},
   booktitle={Proceedings of the 28th ACM SIGKDD Conference on Knowledge Discovery and Data Mining},
   publisher={ACM},
   author={Pfitzmann, Birgit and Auer, Christoph and Dolfi, Michele and Nassar, Ahmed S. and Staar, Peter},
   year={2022},
   month=aug, pages={3743–3751},
   collection={KDD ’22}, 
}

@article{wang2024mineruopensourcesolutionprecise,
      title={MinerU: An Open-Source Solution for Precise Document Content Extraction}, 
      author={Bin Wang and Chao Xu and Xiaomeng Zhao and Linke Ouyang and Fan Wu and Zhiyuan Zhao and Rui Xu and Kaiwen Liu and Yuan Qu and Fukai Shang and Bo Zhang and Liqun Wei and Zhihao Sui and Wei Li and Botian Shi and Yu Qiao and Dahua Lin and Conghui He},
      year={2024},
      eprint={2409.18839},
      archivePrefix={arXiv},
      primaryClass={cs.CV},
      url={https://arxiv.org/abs/2409.18839}, 
}

