
@article{feng2014,
	title = {Progress in crystallization of major histocompatibility complex class I in vertebrates},
	author = {Feng, Lei and Sun, Mingwei and Dong, Songpeng and Gao, Feng-Shan},
	year = {2014},
	month = {04},
	date = {2014-04-01},
	journal = {Chinese Science Bulletin},
	pages = {1308--1316},
	volume = {59},
	number = {12},
	doi = {10.1007/s11434-014-0211-z},
	url = {https://doi.org/10.1007/s11434-014-0211-z},
	langid = {en}
}

@article{antunes2018,
	title = {Structure-based Methods for Binding Mode and Binding Affinity Prediction for Peptide-MHC Complexes},
	author = {Antunes, Dinler A. and Abella, Jayvee R. and Devaurs, Didier and Rigo, {Maurício M.} and Kavraki, Lydia E.},
	year = {2018},
	date = {2018},
	journal = {Current Topics in Medicinal Chemistry},
	pages = {2239--2255},
	volume = {18},
	number = {26},
	doi = {10.2174/1568026619666181224101744},
	note = {PMID: 30582480
PMCID: PMC6361695},
	langid = {eng}
}

@article{10.1093/nar/gkaa379,
    author = {Reynisson, Birkir and Alvarez, Bruno and Paul, Sinu and Peters, Bjoern and Nielsen, Morten},
    title = "{NetMHCpan-4.1 and NetMHCIIpan-4.0: improved predictions of MHC antigen presentation by concurrent motif deconvolution and integration of MS MHC eluted ligand data}",
    journal = {Nucleic Acids Research},
    volume = {48},
    number = {W1},
    pages = {W449-W454},
    year = {2020},
    month = {05},
    issn = {0305-1048},
    doi = {10.1093/nar/gkaa379},
    url = {https://doi.org/10.1093/nar/gkaa379},
    eprint = {https://academic.oup.com/nar/article-pdf/48/W1/W449/33433048/gkaa379.pdf},
}

@article{2020mhcflurry,
  title={MHCflurry 2.0: improved pan-allele prediction of MHC class I-presented peptides by incorporating antigen processing},
  author={O’Donnell, Timothy J and Rubinsteyn, Alex and Laserson, Uri},
  journal={Cell systems},
  volume={11},
  number={1},
  pages={42--48},
  year={2020},
  publisher={Elsevier}
}

